
@article{HybridBFS2015,

author={Umuroglu, Y. and Morrison, D. and Jahre, M.}, 
booktitle={Field Programmable Logic and Applications (FPL), 2015 25th International Conference on}, 
title={Hybrid breadth-first search on a single-chip FPGA-CPU heterogeneous platform}, 
year={2015}, 
pages={1-8},
keywords={DRAM chips;field programmable gate arrays;graph theory;mathematics computing;microprocessor chips;small-world networks;tree searching;BFS algorithm;ZedBoard platform;average traversal speed;bandwidth utilization;graph metrics;graph processing applications;hybrid CPU-GPU approaches;hybrid breadth-first search algorithm;irregular memory access patterns;memory access patterns;parallelism degree;redundant computation;single-chip FPGA-CPU heterogeneous platform;single-die FPGA-CPU heterogeneous device;synthetic small-world graphs;traversal algorithm;Arrays;Bandwidth;Field programmable gate arrays;Parallel processing;Random access memory;Sparse matrices;Switches;accelerator architecture;breadth-first search (BFS);matrices over semirings;memory access patterns;sparse matrix}, 
doi={10.1109/FPL.2015.7293939}, 
month={Sept},
url 		="http://ieeexplore.ieee.org/xpl/login.jsp?tp=&arnumber=7293939&url=http%3A%2F%2Fieeexplore.ieee.org%2Fxpls%2Fabs_all.jsp%3Farnumber%3D7293939"

}


@article{MaximizeSpread2003,
author		="David Kampe, Jon Klein, \'Eva Tardos",
author = {Kempe, David and Kleinberg, Jon and Tardos, \'{E}va},
 title = {Maximizing the Spread of Influence Through a Social Network},
 booktitle = {Proceedings of the Ninth ACM SIGKDD International Conference on Knowledge Discovery and Data Mining},
 series = {KDD '03},
 year = {2003},
 isbn = {1-58113-737-0},
 location = {Washington, D.C.},
 pages = {137--146},
 numpages = {10},
 url = {http://doi.acm.org/10.1145/956750.956769},
 doi = {10.1145/956750.956769},
 acmid = {956769},
 publisher = {ACM},
 address = {New York, NY, USA},
 keywords = {approximation algorithms, diffusion of innovations, social networks, viral marketing},
} 
}

@article{greedyInfluenc2005,
year={2005},
isbn={978-3-540-27580-0},
booktitle={Automata, Languages and Programming},
volume={3580},
series={Lecture Notes in Computer Science},
editor={Caires, Luís and Italiano, GiuseppeF. and Monteiro, Luís and Palamidessi, Catuscia and Yung, Moti},
doi={10.1007/11523468_91},
title={Influential Nodes in a Diffusion Model for Social Networks},
url={http://dx.doi.org/10.1007/11523468_91},
publisher={Springer Berlin Heidelberg},
author={Kempe, David and Kleinberg, Jon and Tardos, Éva},
pages={1127-1138},
language={English}
}

@book{ComplexNetwork2003,
author = {M. E. J. Newman},
title = {The Structure and Function of Complex Networks},
journal = {SIAM Review},
volume = {45},
number = {2},
pages = {167-256},
year = {2003},
doi = {10.1137/S003614450342480},

URL = { 
        http://dx.doi.org/10.1137/S003614450342480
    
},
eprint = { 
        http://dx.doi.org/10.1137/S003614450342480
    
}
}

@article{SmallworldExperiment1969, 
 ISSN = {00380431},
 URL = {http://www.jstor.org/stable/2786545},
 abstract = {Arbitrarily selected individuals (N=296) in Nebraska and Boston are asked to generate acquaintance chains to a target person in Massachusetts, employing "the small world method" (Milgram, 1967). Sixty-four chains reach the target person. Within this group the mean number of intermediaries between starters and targets is 5.2. Boston starting chains reach the target person with fewer intermediaries than those starting in Nebraska; subpopulations in the Nebraska group do not differ among themselves. The funneling of chains through sociometric "stars" is noted, with 48 per cent of the chains passing through three persons before reaching the target. Applications of the method to studies of large scale social structure are discussed.},
 author = {Jeffrey Travers, Stanley Milgram},
 journal = {Sociometry},
 number = {4},
 pages = {425-443},
 publisher = {American Sociological Association},
 title = {An Experimental Study of the Small World Problem},
 volume = {32},
 year = {1969}
}



@article{AReconfigurable2012,
author={Betkaoui, B. and Yu Wang and Thomas, D.B. and Luk, W.}, 
booktitle={Application-Specific Systems, Architectures and Processors (ASAP), 2012 IEEE 23rd International Conference on}, 
title={A Reconfigurable Computing Approach for Efficient and Scalable Parallel Graph Exploration}, 
year={2012}, 
pages={8-15}, 
keywords={field programmable gate arrays;graph theory;multiprocessing systems;parallel processing;tree searching;BFS;FPGA;breadth first search;memory latency;multi-core systems;parallel memory subsystem;power law graphs;reconfigurable computing approach;reconfigurable hardware architecture;scalable parallel graph exploration;Algorithm design and analysis;Arrays;Field programmable gate arrays;Hardware;Kernel;Random access memory;Breadth-First Search (BFS);FPGA;Parallel graph algorithms;hardware acceleration;high performance reconfigurable computing}, 
doi={10.1109/ASAP.2012.30}, 
ISSN={2160-0511}, 
month={July},}


@article{RMat2004,
  title={R-MAT: A Recursive Model for Graph Mining.},
  author={Chakrabarti, Deepayan and Zhan, Yiping and Faloutsos, Christos},
  booktitle={SDM},
  volume={4},
  pages={442--446},
  year={2004},
  organization={SIAM}
} 

@article{SmallWorldProblemSmilgram1960,
  title={The small world problem},
  author={Milgram, Stanley},
  journal={Psychology today},
  volume={2},
  number={1},
  pages={60--67},
  year={1967},
  publisher={New York}
}

@article{Experiment1969,
  title={An experimental study of the small world problem},
  author={Travers, Jeffrey and Milgram, Stanley},
  journal={Sociometry},
  pages={425--443},
  year={1969},
  publisher={JSTOR}
}


@book{AlgoToMath,
  title={Graph algorithms in the language of linear algebra},
  author={Kepner, Jeremy and Gilbert, John},
  volume={22},
  year={2011},
  publisher={SIAM}
}

@article{ParallelBFS2011,
  title={Parallel breadth-first search on distributed memory systems},
  author={Bulu{\c{c}}, Aydin and Madduri, Kamesh},
  booktitle={Proceedings of 2011 International Conference for High Performance Computing, Networking, Storage and Analysis},
  pages={65},
  year={2011},
  organization={ACM}
}
}

@article{RaceInSchool,
 title={Race, school integration, and friendship segregation in america1},
  author={Moody, James},
  journal={American journal of Sociology},
  volume={107},
  number={3},
  pages={679--716},
  year={2001},
  publisher={JSTOR}
}

@article{CacheOblivious1999,
 title={Cache-oblivious algorithms},
  author={Frigo, Matteo and Leiserson, Charles E and Prokop, Harald and Ramachandran, Sridhar},
  booktitle={Foundations of Computer Science, 1999. 40th Annual Symposium on},
  pages={285--297},
  year={1999},
  organization={IEEE}
}

@article{COmultiplic2009,
  title={Cache-oblivious sparse matrix-vector multiplication by using sparse matrix partitioning methods},
  author={Yzelman, AN and Bisseling, Rob H},
  journal={SIAM Journal on Scientific Computing},
  volume={31},
  number={4},
  pages={3128--3154},
  year={2009},
  publisher={SIAM}
}
@article{DiseasOutbreak,
  title={Modelling disease outbreaks in realistic urban social networks},
  author={Eubank, Stephen and Guclu, Hasan and Kumar, VS Anil and Marathe, Madhav V and Srinivasan, Aravind and Toroczkai, Zoltan and Wang, Nan},
  journal={Nature},
  volume={429},
  number={6988},
  pages={180--184},
  year={2004},
  publisher={Nature Publishing Group}
	
}
@article{InfluenceMax,
title={Influence Maximization in Large Scale Graphs},
  author={Derakhshan, Behrouz and others},
  year={2015}
}
@article{McAndrew1963,
  title={On the product of directed graphs},
  author={McAndrew, MH},
  journal={Proceedings of the American Mathematical Society},
  volume={14},
  number={4},
  pages={600--606},
  year={1963},
  publisher={JSTOR}
}
@article{ViralMarketing,
  title={Mining the network value of customers},
  author={Domingos, Pedro and Richardson, Matt},
  booktitle={Proceedings of the seventh ACM SIGKDD international conference on Knowledge discovery and data mining},
  pages={57--66},
  year={2001},
  organization={ACM}
	
}
@ARTICLE{HLS2011, 
  title={High-level synthesis for FPGAs: From prototyping to deployment},
  author={Cong, Jason and Liu, Bin and Neuendorffer, Stephen and Noguera, Juanjo and Vissers, Kees and Zhang, Zhiru},
  journal={Computer-Aided Design of Integrated Circuits and Systems, IEEE Transactions on},
  volume={30},
  number={4},
  pages={473--491},
  year={2011},
  publisher={IEEE}
}
}

@incollection{HLSready2015,
year={2015},
isbn={978-3-319-15406-0},
booktitle={FPGA Based Accelerators for Financial Applications},
editor={De Schryver, Christian},
doi={10.1007/978-3-319-15407-7_5},
title={Is High Level Synthesis Ready for Business? An Option Pricing Case Study},
url={http://dx.doi.org/10.1007/978-3-319-15407-7_5},
publisher={Springer International Publishing},
author={Inggs, Gordon and Fleming, Shane and Thomas, DavidB. and Luk, Wayne},
pages={97-115},
language={English}
}


@phdthesis{StochasticSimulation,
  title={FPGA of Acceleration of Stochastic Simulation},
  author={Gao, Tian},
  year={2014},
  school={Cornell University}
}	


@inproceedings{ScalableGraphEx,
 author = {Agarwal, Virat and Petrini, Fabrizio and Pasetto, Davide and Bader, David A.},
 title = {Scalable Graph Exploration on Multicore Processors},
 booktitle = {Proceedings of the 2010 ACM/IEEE International Conference for High Performance Computing, Networking, Storage and Analysis},
 year = {2010},
 publisher = {IEEE Computer Society},
 address = {Washington, DC, USA},
} 

@article{DirectOptimizeBFS,
  title={Direction-optimizing breadth-first search},
  author={Beamer, Scott and Asanovi{\'c}, Krste and Patterson, David},
  journal={Scientific Programming},
  volume={21},
  number={3-4},
  pages={137--148},
  year={2013},
  publisher={Hindawi Publishing Corporation}
}

#Due to the ﬁne-grained irregular memory accesses, parallelization of BFS can exhibit limited performance on cache-based systems
@articel{ xia2009topologically,
  title={Topologically adaptive parallel breadth-first search on multicore processors},
  author={Xia, Yinglong and Prasanna, Viktor K},
  booktitle={IASTED},
  volume={9},
  pages={91},
  year={2009}

}

@article{5681757, 
author={Qingbo Wang and Weirong Jiang and Yinglong Xia and Prasanna, V.}, 
booktitle={Field-Programmable Technology (FPT), 2010 International Conference on}, 
title={A message-passing multi-softcore architecture on FPGA for Breadth-first Search}, 
year={2010}, 
pages={70-77}, 
keywords={DRAM chips;cache storage;circuit optimisation;data structures;field programmable gate arrays;logic design;message passing;reconfigurable architectures;search problems;DDR3 DRAM;DRAM bandwidth;FPGA;breadth-first search graph problem;cache coherence policy;cache-based systems;graph data structures;inter-process synchronization;memory access latency;message-passing multisoftcore architecture;multicore computing platforms;Algorithm design and analysis;Arrays;Field programmable gate arrays;Partitioning algorithms;Random access memory;Synchronization},
doi={10.1109/FPT.2010.5681757}, 
month={Dec},}

@article{AssortativeMixing2002,
  title={Assortative mixing in networks},
  author={Newman, Mark EJ},
  journal={Physical review letters},
  volume={89},
  number={20},
  pages={208701},
  year={2002},
  publisher={APS}
}

@incollection{cacheAware,
year={2003},
isbn={978-3-540-00883-5},
booktitle={Algorithms for Memory Hierarchies},
volume={2625},
series={Lecture Notes in Computer Science},
editor={Meyer, Ulrich and Sanders, Peter and Sibeyn, Jop},
doi={10.1007/3-540-36574-5_10},
title={An Overview of Cache Optimization Techniques and Cache-Aware Numerical Algorithms},
url={http://dx.doi.org/10.1007/3-540-36574-5_10},
publisher={Springer Berlin Heidelberg},
author={Kowarschik, Markus and Weiß, Christian},
pages={213-232},
language={English}
}
