




@article{doi:10.1080/0022250X.1982.9989925,
author = { Beth   Allen },
title = {A stochastic interactive model for the diffusion of information},
journal = {The Journal of Mathematical Sociology},
volume = {8},
number = {2},
pages = {265-281},
year = {1982},
doi = {10.1080/0022250X.1982.9989925},

URL = { 
        http://dx.doi.org/10.1080/0022250X.1982.9989925
    
},
eprint = { 
        http://dx.doi.org/10.1080/0022250X.1982.9989925
    
}

}


